<record><leader>00000cas a22000007a 4500</leader><controlfield tag="001">9652820</controlfield><controlfield tag="008">830628d18531855mauwr ne      0    0eng d</controlfield><datafield ind1=" " ind2=" " tag="010"><subfield code="a">sn 83020931 </subfield></datafield><datafield ind1=" " ind2=" " tag="040"><subfield code="a">NPX</subfield><subfield code="b">eng</subfield><subfield code="c">NPX</subfield><subfield code="d">MGN</subfield><subfield code="d">DLC</subfield><subfield code="d">OCLCG</subfield><subfield code="d">OCLCQ</subfield></datafield><datafield ind1=" " ind2=" " tag="042"><subfield code="a">msc</subfield></datafield><datafield ind1=" " ind2=" " tag="043"><subfield code="a">n-us-ma</subfield></datafield><datafield ind1="0" ind2="0" tag="245"><subfield code="a">Independent journal, and temperance agitator.</subfield></datafield><datafield ind1=" " ind2=" " tag="260"><subfield code="a">Worcester [Mass.] :</subfield><subfield code="b">P. Crandall &amp; Son</subfield></datafield><datafield ind1=" " ind2=" " tag="300"><subfield code="a">v. ;</subfield><subfield code="c">57 cm.</subfield></datafield><datafield ind1=" " ind2=" " tag="310"><subfield code="a">Weekly</subfield></datafield><datafield ind1="1" ind2=" " tag="362"><subfield code="a">Began in 1853; ceased in Feb. 1855?</subfield></datafield><datafield ind1=" " ind2=" " tag="500"><subfield code="a">Publisher: D. Higgins, &lt;Sept. 21-Nov. 24, 1854&gt;.</subfield></datafield><datafield ind1=" " ind2=" " tag="500"><subfield code="a">Printer: M. Spooner, &lt;June 1-29, 1854&gt;.</subfield></datafield><datafield ind1=" " ind2=" " tag="500"><subfield code="a">Editors: P. Crandall, &lt;June 1-29, 1854&gt;; D. Higgins, &lt;Sept. 21-Nov. 24, 1854&gt;.</subfield></datafield><datafield ind1=" " ind2=" " tag="515"><subfield code="a">Suspended Jan.-Feb. 8, 1855. Crandall published an unnumbered issue Feb. 15, 1855, explaining that Higgin's disappearance and consequent financial problems caused him to suspend until that issue, which may have been the last.</subfield></datafield><datafield ind1=" " ind2=" " tag="588"><subfield code="a">Description based on: Vol. 2, no. 12 (June 1, 1854).</subfield></datafield><datafield ind1="1" ind2=" " tag="700"><subfield code="a">Higgins, Daniel.</subfield></datafield><datafield ind1="1" ind2=" " tag="700"><subfield code="a">Crandall, Phineas,</subfield><subfield code="d">1793-1879.</subfield></datafield><datafield ind1=" " ind2=" " tag="752"><subfield code="a">United States</subfield><subfield code="b">Massachusetts</subfield><subfield code="c">Worcester</subfield><subfield code="d">Worcester.</subfield></datafield><datafield ind1="0" ind2="0" tag="780"><subfield code="t">Temperance agitator and Massachusetts cataract</subfield><subfield code="w">(DLC)sn 93058793</subfield></datafield><datafield ind1=" " ind2=" " tag="936"><subfield code="a">1854 Nov. 24</subfield></datafield><datafield ind1="1" ind2=" " tag="029"><subfield code="a">AU@</subfield><subfield code="b">000025798988</subfield></datafield></record>